% This file was created with JabRef 2.7b.
% Encoding: ISO8859_1

@STRING{ichr = {IEEE/RAS Int. Conf. on Humanoid Robotics (ICHR)}}

@STRING{icra = {IEEE/RAS Int. Conf. on Robotics and Automation (ICRA)}}

@STRING{ijrr = {The International Journal of Robotics Research}}

@STRING{iros = {IEEE/RSJ Int. Conf. on Intelligent Robots and Systems (IROS)}}

@STRING{itro = {{IEEE} Transactions on Robotics}}

@STRING{ral = {IEEE Robotics and Automation Letters (RAL)}}

@STRING{biorob = {IEEE Int. Conf. on Biomedical Robotics and Biomechatronics (BioRob)}}

@STRING{jras = {Journal of Robotics and Autonomous Systems}}

@STRING{siggraph = {The International Symposium on Computer Animation (SIGGRAPH/Eurographics)}}

@STRING{iser = {The International Symposium on Experimental Robotics (ISER)}}

@STRING{oceans = {OCEANS}}

%%%%%%%%%%%%%%%%%%%%%%%%%%%%%%%%%%%%%%%%%%%%%%%%%%%%%%%%%%%%%%%%%%%%%%%%%%%%%%%%%%%%%%%%%%%%%%%
% @BOOK


%%%%%%%%%%%%%%%%%%%%%%%%%%%%%%%%%%%%%%%%%%%%%%%%%%%%%%%%%%%%%%%%%%%%%%%%%%%%%%%%%%%%%%%%%%%%%%%
% @ARTICLE{ lastnamefirstauthor:journaltitle:year
%    author = {lastname, firstname and lastname2, firstname2},
%    title = {TITLE},
%    journal = journalaccronyme (see above),
%    year = {1997},
%    volume = {17},
%    pages = {3932--3945},
%    number = {10},
%    month = may,
%}

%%%%%%%%%%%%%%%%%%%%%%%%%%%%%%%%%%%%%%%%%%%%%%%%%%%%%%%%%%%%%%%%%%%%%%%%%%%%%%%%%%%%%%%%%%%%%%%
% @INPROCEEDINGS

%%%%%%%%%%%%%%%%%%%%%%%%%%%%%%%%%%%%%%%%%%%%%%%%%%%%%%%%%%%%%%%%%%%%%%%%%%%%%%%%%%%%%%%%%%%%%%%
% @PHDTHESIS


